Standard Bibtex file

@misc{ bobrow77frame,
    author = "D. Bobrow and R. Kaplan and M. Kay and D. Norman and H. Thompson and T.
      Winograd",
    title = "a frame driven dialog system",
    text = "Daniel G. Bobrow, Ronald M. Kaplan, Martin Kay, Donald A. Norman, Henry
      Thompson, and Terry Winograd. 1977. GUS, a frame driven dialog system.",
    year = "1977"
}

@misc{ de73art,
    author = "K. DE",
    title = "The art of computer programming",
    text = "Knuth DE (1973) The art of computer programming (vol III). AddisonWesley,
      Reading, Mass",
    year = "1973"
}
